<?xml version="1.0" encoding="UTF-8"?><collection xmlns="http://www.loc.gov/MARC21/slim"><record><leader>00428nam--2200133-i-4500</leader><controlfield tag="001">000043685</controlfield><controlfield tag="002">20161230</controlfield><controlfield tag="005">20161230201044</controlfield><controlfield tag="008">060222s1000------------r-----000-0-eng-d</controlfield><datafield ind1=" " ind2=" " tag="080"><subfield code="a">621.039.5(043)</subfield></datafield><datafield ind1=" " ind2=" " tag="100"><subfield code="a">Tapu,C</subfield></datafield><datafield ind1=" " ind2=" " tag="245"><subfield code="a">Contributii la optimizarea functionala si cresterea sigurantei de functiionare la sistemele de control complex ale reactorilor nucleari. teza</subfield></datafield><datafield ind1=" " ind2=" " tag="260"><subfield code="a">Bucuresti, Ifin, 1979. 199 P</subfield></datafield><datafield ind1=" " ind2=" " tag="852"><subfield code="a">47087</subfield></datafield></record></collection>